<?xml version="1.0" encoding="UTF-8"?>
<record xmlns="http://www.loc.gov/MARC21/slim">
   <leader>00924cam a22002292a 4500</leader>
   <controlfield tag="001">4498116</controlfield>
   <controlfield tag="003">NjP</controlfield>
   <controlfield tag="005">20190705145204.0</controlfield>
   <controlfield tag="008">050419s1962    sy            000 0 ara d</controlfield>
   <datafield tag="024" ind1="7" ind2=" ">
      <subfield code="a">princeton_aco003756</subfield>
      <subfield code="2">local</subfield>
   </datafield>
   <datafield ind1=" " ind2=" " tag="040">
      <subfield code="a">NjP</subfield>
      <subfield code="c">PUL</subfield>
      <subfield code="d">PUL</subfield>
   </datafield>
   <datafield ind1=" " ind2=" " tag="035">
      <subfield code="a">(NjP)4498116</subfield>
   </datafield>
   <datafield ind1=" " ind2=" " tag="049">
      <subfield code="a">PULL</subfield>
   </datafield>
   <datafield ind1=" " ind2=" " tag="035">
      <subfield code="a">(OCoLC)ocm60357975</subfield>
   </datafield>
   <datafield ind1="1" ind2=" " tag="110">
      <subfield code="6">880-01</subfield>
      <subfield code="a">Syria.</subfield>
      <subfield code="b">al-Maḥkamah al-Idārīyah al-ʻUlyā.</subfield>
   </datafield>
   <datafield ind1="1" ind2="0" tag="245">
      <subfield code="6">880-02</subfield>
      <subfield code="a">Majmūʻat al-mabādiʼ al-qānūnīyah allatī qarraratʹhā al-Maḥkamah al-Idārīyah al-ʻUlyā fī Majlis al-Dawlah.</subfield>
   </datafield>
   <datafield ind1=" " ind2=" " tag="260">
      <subfield code="a">[S.l. ;</subfield>
      <subfield code="b">s.n.,</subfield>
      <subfield code="c">1959-1962]</subfield>
   </datafield>
   <datafield ind1=" " ind2=" " tag="300">
      <subfield code="a">191 p.</subfield>
   </datafield>
   <datafield ind1=" " ind2="0" tag="650">
      <subfield code="a">Civil service</subfield>
      <subfield code="z">Syria</subfield>
      <subfield code="x">Cases.</subfield>
   </datafield>
   <datafield ind1="1" ind2=" " tag="880">
      <subfield code="6">110-01/r</subfield>
      <subfield code="a">سوريا.</subfield>
      <subfield code="b">المحكمة الادارية العليا.</subfield>
   </datafield>
   <datafield ind1="1" ind2="0" tag="880">
      <subfield code="6">245-02/r</subfield>
      <subfield code="a">مجموعة المبادئ القانونية التي قررتها المحكمة الادارية العليا في مجلس الدولة.</subfield>
   </datafield>
   <datafield ind1=" " ind2=" " tag="994">
      <subfield code="a">C0</subfield>
      <subfield code="b">PUL</subfield>
   </datafield>
   <datafield ind1=" " ind2=" " tag="999">
      <subfield code="a">4498116</subfield>
   </datafield>
   <datafield ind1=" " ind2=" " tag="979">
      <subfield code="a">(OCoLC)ocn179097881</subfield>
   </datafield>
   <datafield ind1="0" ind2=" " tag="852">
      <subfield code="0">4750640</subfield>
      <subfield code="b">rcppa</subfield>
      <subfield code="h">KRM18.A3</subfield>
      <subfield code="i">U54 1959</subfield>
      <subfield code="x">tr fr f</subfield>
   </datafield>
   <datafield ind1=" " ind2=" " tag="959">
      <subfield code="a">2008-10-22 11:55:12 -0400</subfield>
   </datafield>
</record>
